<?xml version="1.0" encoding="UTF-8"?><collection xmlns="http://www.loc.gov/MARC21/slim"><record><leader>00427nam--2200169-i-4500</leader><controlfield tag="001">000006633</controlfield><controlfield tag="002">20161230</controlfield><controlfield tag="005">20170105130903</controlfield><controlfield tag="008">060222s1000------------r-----000-0-eng-d</controlfield><datafield ind1=" " ind2=" " tag="100"><subfield code="a">Aarkrog, A</subfield></datafield><datafield ind1=" " ind2=" " tag="245"><subfield code="a">Environmental radioactivity in Denmark in 1962</subfield></datafield><datafield ind1=" " ind2=" " tag="260"><subfield code="a">Riso</subfield><subfield code="b">Danish Atomic Energy Commission</subfield><subfield code="c">1963</subfield></datafield><datafield ind1=" " ind2=" " tag="300"><subfield code="a">147 p</subfield></datafield><datafield ind1=" " ind2=" " tag="490"><subfield code="a">63</subfield></datafield><datafield ind1=" " ind2=" " tag="700"><subfield code="a">Lippert, J</subfield></datafield><datafield ind1=" " ind2=" " tag="852"><subfield code="a">13457</subfield></datafield><datafield ind1=" " ind2=" " tag="CAT"><subfield code="a">SYS</subfield><subfield code="c">20170105</subfield><subfield code="h">130903</subfield></datafield></record></collection>